%YAML 1.1
%TAG !u! tag:unity3d.com,2011:
--- !u!1 &103630
GameObject:
  m_ObjectHideFlags: 0
  m_PrefabParentObject: {fileID: 0}
  m_PrefabInternal: {fileID: 100100000}
  serializedVersion: 4
  m_Component:
  - 224: {fileID: 22480670}
  - 222: {fileID: 22273560}
  - 114: {fileID: 11484506}
  - 114: {fileID: 11433182}
  m_Layer: 5
  m_Name: Image
  m_TagString: Untagged
  m_Icon: {fileID: 0}
  m_NavMeshLayer: 0
  m_StaticEditorFlags: 0
  m_IsActive: 1
--- !u!1 &130794
GameObject:
  m_ObjectHideFlags: 0
  m_PrefabParentObject: {fileID: 0}
  m_PrefabInternal: {fileID: 100100000}
  serializedVersion: 4
  m_Component:
  - 224: {fileID: 22486112}
  - 222: {fileID: 22205930}
  - 114: {fileID: 11487246}
  - 114: {fileID: 11466842}
  m_Layer: 5
  m_Name: Text
  m_TagString: Untagged
  m_Icon: {fileID: 0}
  m_NavMeshLayer: 0
  m_StaticEditorFlags: 0
  m_IsActive: 1
--- !u!1 &176534
GameObject:
  m_ObjectHideFlags: 0
  m_PrefabParentObject: {fileID: 0}
  m_PrefabInternal: {fileID: 100100000}
  serializedVersion: 4
  m_Component:
  - 224: {fileID: 22417860}
  - 114: {fileID: 11429148}
  - 114: {fileID: 11425770}
  m_Layer: 5
  m_Name: KeyPressIndicator_Q
  m_TagString: Untagged
  m_Icon: {fileID: 0}
  m_NavMeshLayer: 0
  m_StaticEditorFlags: 0
  m_IsActive: 1
--- !u!114 &11425770
MonoBehaviour:
  m_ObjectHideFlags: 1
  m_PrefabParentObject: {fileID: 0}
  m_PrefabInternal: {fileID: 100100000}
  m_GameObject: {fileID: 176534}
  m_Enabled: 1
  m_EditorHideFlags: 0
  m_Script: {fileID: 1679637790, guid: f5f67c52d1564df4a8936ccd202a3bd8, type: 3}
  m_Name: 
  m_EditorClassIdentifier: 
  m_IgnoreLayout: 0
  m_MinWidth: -1
  m_MinHeight: -1
  m_PreferredWidth: 150
  m_PreferredHeight: 64
  m_FlexibleWidth: -1
  m_FlexibleHeight: -1
--- !u!114 &11429148
MonoBehaviour:
  m_ObjectHideFlags: 1
  m_PrefabParentObject: {fileID: 0}
  m_PrefabInternal: {fileID: 100100000}
  m_GameObject: {fileID: 176534}
  m_Enabled: 1
  m_EditorHideFlags: 0
  m_Script: {fileID: -405508275, guid: f5f67c52d1564df4a8936ccd202a3bd8, type: 3}
  m_Name: 
  m_EditorClassIdentifier: 
  m_Padding:
    m_Left: 0
    m_Right: 0
    m_Top: 0
    m_Bottom: 0
  m_ChildAlignment: 0
  m_Spacing: 0
  m_ChildForceExpandWidth: 0
  m_ChildForceExpandHeight: 0
--- !u!114 &11433182
MonoBehaviour:
  m_ObjectHideFlags: 1
  m_PrefabParentObject: {fileID: 0}
  m_PrefabInternal: {fileID: 100100000}
  m_GameObject: {fileID: 103630}
  m_Enabled: 1
  m_EditorHideFlags: 0
  m_Script: {fileID: 1679637790, guid: f5f67c52d1564df4a8936ccd202a3bd8, type: 3}
  m_Name: 
  m_EditorClassIdentifier: 
  m_IgnoreLayout: 0
  m_MinWidth: 64
  m_MinHeight: 64
  m_PreferredWidth: 64
  m_PreferredHeight: 64
  m_FlexibleWidth: -1
  m_FlexibleHeight: -1
--- !u!114 &11466842
MonoBehaviour:
  m_ObjectHideFlags: 1
  m_PrefabParentObject: {fileID: 0}
  m_PrefabInternal: {fileID: 100100000}
  m_GameObject: {fileID: 130794}
  m_Enabled: 1
  m_EditorHideFlags: 0
  m_Script: {fileID: 1679637790, guid: f5f67c52d1564df4a8936ccd202a3bd8, type: 3}
  m_Name: 
  m_EditorClassIdentifier: 
  m_IgnoreLayout: 0
  m_MinWidth: -1
  m_MinHeight: -1
  m_PreferredWidth: 86
  m_PreferredHeight: 64
  m_FlexibleWidth: -1
  m_FlexibleHeight: -1
--- !u!114 &11484506
MonoBehaviour:
  m_ObjectHideFlags: 1
  m_PrefabParentObject: {fileID: 0}
  m_PrefabInternal: {fileID: 100100000}
  m_GameObject: {fileID: 103630}
  m_Enabled: 1
  m_EditorHideFlags: 0
  m_Script: {fileID: -765806418, guid: f5f67c52d1564df4a8936ccd202a3bd8, type: 3}
  m_Name: 
  m_EditorClassIdentifier: 
  m_Material: {fileID: 0}
  m_Color: {r: 1, g: 1, b: 1, a: 1}
  m_Sprite: {fileID: 21300000, guid: a19d57a72694f064b915ca83e5af0de7, type: 3}
  m_Type: 0
  m_PreserveAspect: 0
  m_FillCenter: 1
  m_FillMethod: 4
  m_FillAmount: 1
  m_FillClockwise: 1
  m_FillOrigin: 0
--- !u!114 &11487246
MonoBehaviour:
  m_ObjectHideFlags: 1
  m_PrefabParentObject: {fileID: 0}
  m_PrefabInternal: {fileID: 100100000}
  m_GameObject: {fileID: 130794}
  m_Enabled: 1
  m_EditorHideFlags: 0
  m_Script: {fileID: 708705254, guid: f5f67c52d1564df4a8936ccd202a3bd8, type: 3}
  m_Name: 
  m_EditorClassIdentifier: 
  m_Material: {fileID: 0}
  m_Color: {r: 1, g: 1, b: 1, a: 1}
  m_FontData:
    m_Font: {fileID: 12800000, guid: 6a19e19396b5d73469b1064e00f99ac7, type: 3}
    m_FontSize: 14
    m_FontStyle: 0
    m_BestFit: 0
    m_MinSize: 10
    m_MaxSize: 40
    m_Alignment: 3
    m_RichText: 1
    m_HorizontalOverflow: 0
    m_VerticalOverflow: 0
    m_LineSpacing: 1
  m_Text: Feed
--- !u!222 &22205930
CanvasRenderer:
  m_ObjectHideFlags: 1
  m_PrefabParentObject: {fileID: 0}
  m_PrefabInternal: {fileID: 100100000}
  m_GameObject: {fileID: 130794}
--- !u!222 &22273560
CanvasRenderer:
  m_ObjectHideFlags: 1
  m_PrefabParentObject: {fileID: 0}
  m_PrefabInternal: {fileID: 100100000}
  m_GameObject: {fileID: 103630}
--- !u!224 &22417860
RectTransform:
  m_ObjectHideFlags: 1
  m_PrefabParentObject: {fileID: 0}
  m_PrefabInternal: {fileID: 100100000}
  m_GameObject: {fileID: 176534}
  m_LocalRotation: {x: 0, y: 0, z: 0, w: 1}
  m_LocalPosition: {x: 0, y: 0, z: 0}
  m_LocalScale: {x: 1, y: 1, z: 1}
  m_Children:
  - {fileID: 22480670}
  - {fileID: 22486112}
  m_Father: {fileID: 0}
  m_RootOrder: 0
  m_AnchorMin: {x: 0, y: 0}
  m_AnchorMax: {x: 0, y: 0}
  m_AnchoredPosition: {x: 0, y: 0}
  m_SizeDelta: {x: 0, y: 0}
  m_Pivot: {x: .5, y: .5}
--- !u!224 &22480670
RectTransform:
  m_ObjectHideFlags: 1
  m_PrefabParentObject: {fileID: 0}
  m_PrefabInternal: {fileID: 100100000}
  m_GameObject: {fileID: 103630}
  m_LocalRotation: {x: 0, y: 0, z: 0, w: 1}
  m_LocalPosition: {x: 0, y: 0, z: 0}
  m_LocalScale: {x: 1, y: 1, z: 1}
  m_Children: []
  m_Father: {fileID: 22417860}
  m_RootOrder: 0
  m_AnchorMin: {x: 0, y: 0}
  m_AnchorMax: {x: 0, y: 0}
  m_AnchoredPosition: {x: 0, y: 0}
  m_SizeDelta: {x: 0, y: 0}
  m_Pivot: {x: .5, y: .5}
--- !u!224 &22486112
RectTransform:
  m_ObjectHideFlags: 1
  m_PrefabParentObject: {fileID: 0}
  m_PrefabInternal: {fileID: 100100000}
  m_GameObject: {fileID: 130794}
  m_LocalRotation: {x: 0, y: 0, z: 0, w: 1}
  m_LocalPosition: {x: 0, y: 0, z: 0}
  m_LocalScale: {x: 1, y: 1, z: 1}
  m_Children: []
  m_Father: {fileID: 22417860}
  m_RootOrder: 1
  m_AnchorMin: {x: 0, y: 0}
  m_AnchorMax: {x: 0, y: 0}
  m_AnchoredPosition: {x: 0, y: 0}
  m_SizeDelta: {x: 0, y: 0}
  m_Pivot: {x: 0, y: .5}
--- !u!1001 &100100000
Prefab:
  m_ObjectHideFlags: 1
  serializedVersion: 2
  m_Modification:
    m_TransformParent: {fileID: 0}
    m_Modifications:
    - target: {fileID: 0}
      propertyPath: m_FontData.m_Font
      value: 
      objectReference: {fileID: 12800000, guid: 6a19e19396b5d73469b1064e00f99ac7,
        type: 3}
    m_RemovedComponents: []
  m_ParentPrefab: {fileID: 0}
  m_RootGameObject: {fileID: 176534}
  m_IsPrefabParent: 1
